@inproceedings{merkle1979,
  title={A certified digital signature},
  author={Merkle, Ralph C},
  booktitle={Conference on the Theory and Application of Cryptology},
  pages={218--238},
  year={1989},
  organization={Springer}
}

@article{chen1994raid,
  title={RAID: High-performance, reliable secondary storage},
  author={Chen, Peter M and Lee, Edward K and Gibson, Garth A and Katz, Randy H and Patterson, David A},
  journal={ACM Computing Surveys (CSUR)},
  volume={26},
  number={2},
  pages={145--185},
  year={1994},
  publisher={ACM New York, NY, USA}
}

@inproceedings{damgaard1987collision,
  title={Collision free hash functions and public key signature schemes},
  author={Damg{\aa}rd, Ivan Bjerre},
  booktitle={Workshop on the Theory and Application of of Cryptographic Techniques},
  pages={203--216},
  year={1987},
  organization={Springer}
}
@inproceedings{buchmann2011xmss,
  title={XMSS-a practical forward secure signature scheme based on minimal security assumptions},
  author={Buchmann, Johannes and Dahmen, Erik and H{\"u}lsing, Andreas},
  booktitle={International Workshop on Post-Quantum Cryptography},
  pages={117--129},
  year={2011},
  organization={Springer}
}
@inproceedings{buchmann2008merkle,
  title={Merkle tree traversal revisited},
  author={Buchmann, Johannes and Dahmen, Erik and Schneider, Michael},
  booktitle={International Workshop on Post-Quantum Cryptography},
  pages={63--78},
  year={2008},
  organization={Springer}
}

@misc{bitcoinwiki-merkle,
  title        = {Merkle Tree in Bitcoin},
  howpublished = {\url{https://bitcoinwiki.org/wiki/merkle-tree}},
  note         = {Accessed: 2025-09-02}
}

@misc{ethereum-patricia,
  title        = {Patricia Merkle Trie in Ethereum},
  howpublished = {\url{https://ethereum.org/en/developers/docs/data-structures-and-encoding/patricia-merkle-trie/}},
  note         = {Accessed: 2025-09-02}
}

@misc{ipfs-merkle-dag,
  title        = {Merkle Directed Acyclic Graphs in IPFS},
  howpublished = {\url{https://docs.ipfs.tech/concepts/merkle-dag/}},
  note         = {Accessed: 2025-09-02}
}

@article{decandia2007dynamo,
  title={Dynamo: Amazon's highly available key-value store},
  author={DeCandia, Giuseppe and Hastorun, Deniz and Jampani, Madan and Kakulapati, Gunavardhan and Lakshman, Avinash and Pilchin, Alex and Sivasubramanian, Swaminathan and Vosshall, Peter and Vogels, Werner},
  journal={ACM SIGOPS operating systems review},
  volume={41},
  number={6},
  pages={205--220},
  year={2007},
  publisher={ACM New York, NY, USA}
}

@article{blake3-oconnor,
  title={BLAKE3: one function, fast everywhere},
  year={2021},
  author={O'Connor, Jack and Aumasson, Jean-Philippe and Neves, Samuel and Wilcox-O'Hearn, Zooko},
  journal={url: https://github.com/BLAKE3-team/BLAKE3-specs/blob/master/blake3.pdf}
}

@inproceedings{aumasson2013blake2,
  title={BLAKE2: simpler, smaller, fast as MD5},
  author={Aumasson, Jean-Philippe and Neves, Samuel and Wilcox-O’Hearn, Zooko and Winnerlein, Christian},
  booktitle={International Conference on Applied Cryptography and Network Security},
  pages={119--135},
  year={2013},
  organization={Springer}
}

@inproceedings{gueron2011sha,
  title={SHA-512/256},
  author={Gueron, Shay and Johnson, Simon and Walker, Jesse},
  booktitle={2011 Eighth International Conference on Information Technology: New Generations},
  pages={354--358},
  year={2011},
  organization={IEEE}
}

@article{monti2024fast,
  title={Fast Leaderless Byzantine Total Order Broadcast},
  author={Monti, Matteo and Camaioni, Martina and Roman, Pierre-Louis},
  journal={arXiv preprint arXiv:2412.14061},
  year={2024}
}

@article{raft,
  title={In Search of an Understandable Consensus Algorithm},
  year={2014},
  author={Diego Ongaro and John Ousterhout},
  journal={url: https://raft.github.io/raft.pdf}
}

@article{shi2025pb,
  title={PB-Raft: A Byzantine fault tolerance consensus algorithm based on weighted PageRank and BLS threshold signature},
  author={Shi, Haoran and Chen, Zehua and Cheng, Yongqiang and Liu, Xiaofeng and Wang, Qianqian},
  journal={Peer-to-Peer Networking and Applications},
  volume={18},
  number={1},
  pages={26},
  year={2025},
  publisher={Springer}
}
@inproceedings{castro1999practical,
  title={Practical byzantine fault tolerance},
  author={Castro, Miguel and Liskov, Barbara and others},
  booktitle={OsDI},
  volume={99},
  number={1999},
  pages={173--186},
  year={1999}
}

@misc{tikv-raft,
  title        = {Raft use in TiKV},
  howpublished = {\url{https://tikv.org/deep-dive/consensus-algorithm/raft/}},
  note         = {Accessed: 2025-09-03}
}

@misc{etcd-raft,
  title        = {etcd Performance},
  howpublished = {\url{https://etcd.io/docs/v3.6/op-guide/performance/}},
  note         = {Accessed: 2025-09-03}
}

@inproceedings{boneh2001short,
  title={Short signatures from the Weil pairing},
  author={Boneh, Dan and Lynn, Ben and Shacham, Hovav},
  booktitle={International conference on the theory and application of cryptology and information security},
  pages={514--532},
  year={2001},
  organization={Springer}
}
@article{reed1960polynomial,
  title={Polynomial codes over certain finite fields},
  author={Reed, Irving S and Solomon, Gustave},
  journal={Journal of the society for industrial and applied mathematics},
  volume={8},
  number={2},
  pages={300--304},
  year={1960},
  publisher={SIAM}
}

@article{lamport1972byzantine,
author = {Lamport, Leslie and Shostak, Robert and Pease, Marshall},
title = {The Byzantine Generals Problem},
year = {1982},
issue_date = {July 1982},
publisher = {Association for Computing Machinery},
address = {New York, NY, USA},
volume = {4},
number = {3},
issn = {0164-0925},
url = {https://doi.org/10.1145/357172.357176},
doi = {10.1145/357172.357176},
journal = {ACM Trans. Program. Lang. Syst.},
month = jul,
pages = {382–401},
numpages = {20}
}

@misc{nist-sha3,
  title        = {NIST Selects Winner of Secure Hash Algorithm (SHA-3) Competition},
  howpublished = {\url{https://www.nist.gov/news-events/news/2012/10/nist-selects-winner-secure-hash-algorithm-sha-3-competition}},
  note         = {Accessed: 2025-09-07}
}

@inproceedings{bertoni2013keccak,
  title={Keccak},
  author={Bertoni, Guido and Daemen, Joan and Peeters, Micha{\"e}l and Van Assche, Gilles},
  booktitle={Annual international conference on the theory and applications of cryptographic techniques},
  pages={313--314},
  year={2013},
  organization={Springer}
}

@article{penard2008secure,
  title={On the secure hash algorithm family},
  author={Penard, Wouter and Van Werkhoven, Tim},
  journal={Cryptography in context},
  pages={1--18},
  year={2008},
  publisher={Wiley New York}
}
